@article{xu2012classifying,
  title={Classifying very high-dimensional data with random forests built from small subspaces},
  author={Xu, Baoxun and Huang, Joshua Zhexue and Williams, Graham and Wang, Qiang and Ye, Yunming},
  journal={International Journal of Data Warehousing and Mining (IJDWM)},
  volume={8},
  number={2},
  pages={44--63},
  year={2012},
  publisher={IGI Global}
}

@article{breiman2001random,
  title={Random forests},
  author={Breiman, Leo},
  journal={Machine learning},
  volume={45},
  number={1},
  pages={5--32},
  year={2001},
  publisher={Springer}
}

@Article{liaw2002classification,
  title = {Classification and Regression by randomForest},
  author = {Andy Liaw and Matthew Wiener},
  journal = {\proglang{R} News},
  year = {2002},
  volume = {2},
  number = {3},
  pages = {18-22},
  url = {http://CRAN.R-project.org/doc/Rnews/},
}

@Article{hothorn2006unbiased,
  title = {Unbiased Recursive Partitioning: A Conditional Inference Framework},
  author = {Torsten Hothorn and Kurt Hornik and Achim Zeileis},
  journal = {Journal of Computational and Graphical Statistics},
  year = {2006},
  volume = {15},
  number = {3},
  pages = {651--674},
}

@Article{hothorn2006survival,
  title = {Survival Ensembles},
  author = {Torsten Hothorn and Peter Buehlmann and Sandrine Dudoit and Annette Molinaro and Mark Van Der Laan},
  journal = {Biostatistics},
  year = {2006},
  volume = {7},
  number = {3},
  pages = {355--373},
}

@Article{strobl2007bias,
  title = {Bias in Random Forest Variable Importance Measures: Illustrations, Sources and a Solution},
  author = {Carolin Strobl and Anne-Laure Boulesteix and Achim Zeileis and Torsten Hothorn},
  journal = {BMC Bioinformatics},
  year = {2007},
  volume = {8},
  number = {25},
  url = {http://www.biomedcentral.com/1471-2105/8/25},
}

@Article{strobl2008conditional,
  title = {Conditional Variable Importance for Random Forests},
  author = {Carolin Strobl and Anne-Laure Boulesteix and Thomas Kneib and Thomas Augustin and Achim Zeileis},
  journal = {BMC Bioinformatics},
  year = {2008},
  volume = {9},
  number = {307},
  url = {http://www.biomedcentral.com/1471-2105/9/307},
}

@Manual{rcoreteam,
  title = {\proglang{R}: A Language and Environment for Statistical Computing},
  author = {{\proglang{R} Core Team}},
  organization = {\proglang{R} Foundation for Statistical Computing},
  address = {Vienna, Austria},
  year = {2013},
  url = {http://www.R-project.org/},
}

@Manual{urbanek2011multicore,
  title = {\pkg{multicore}: Parallel processing of \proglang{R} code on machines with multiple cores or
CPUs},
  author = {Simon Urbanek},
  year = {2011},
  note = {\proglang{R} package version 0.1-7},
  url = {http://CRAN.R-project.org/package=multicore},
}

@Manual{Tierney2013snow,
  title = {\pkg{snow}: Simple Network of Workstations},
  author = {Luke Tierney and A. J. Rossini and Na Li and H. Sevcikova},
  year = {2013},
  note = {\proglang{R} package version 0.3-12},
  url = {http://CRAN.R-project.org/package=snow},
}

@Manual{RHadoop,
  author = {Antonio Piccolboni},
  title = {\pkg{RHadoop} Project},
  url = {https://github.com/RevolutionAnalytics/RHadoop/wiki},
  year = {2013},
}

@Manual{Boost,
  author = {{Boost Community}},
  title = {Boost C++ Libraries},
  year = {2013},
  url = {http://www.boost.org/},
}

@Manual{rpart,
  title = {\pkg{rpart}: Recursive Partitioning},
  author = {Terry Therneau and Beth Atkinson and Brian Ripley},
  year = {2013},
  note = {\proglang{R} package version 4.1-1},
  url = {http://CRAN.R-project.org/package=rpart},
}

@Book{rattle,
  title = {Data Mining with \pkg{Rattle} and \proglang{R}: The art of excavating data for knowledge discovery},
  author = {Graham J. Williams},
  publisher = {Springer},
  series = {Use \proglang{R}!},
  year = {2011},
  url = {http://www.amazon.com/gp/product/1441998896/ref=as_li_qf_sp_asin_tl?ie=UTF8&tag=togaware-20&linkCode=as2&camp=217145&creative=399373&creativeASIN=1441998896},
}

@Manual{Rhpctaskview,
  author = {Dirk Eddelbuettel},
  title = {CRAN Task View: High-Performance and Parallel Computing with \proglang{R}},
  url = {http://cran.r-project.org/web/views/HighPerformanceComputing.html},
  year = {2013},
}

@article{l2002object,
  title={An object-oriented random-number package with many long streams and substreams},
  author={L'ecuyer, Pierre and Simard, Richard and Chen, E Jack and Kelton, W David},
  journal={Operations Research},
  volume={50},
  number={6},
  pages={1073--1075},
  year={2002},
  publisher={INFORMS}
}

@Article{dirk2011rcpp,
  title = {\pkg{Rcpp}: Seamless \proglang{R} and \proglang{C++} Integration},
  author = {Dirk Eddelbuettel and Romain Fran\c{c}ois},
  journal = {Journal of Statistical Software},
  year = {2011},
  volume = {40},
  number = {8},
  pages = {1--18},
  url = {http://www.jstatsoft.org/v40/i08/},
}

@Book{dirk2013seamless,
  title = {Seamless \proglang{R} and \proglang{C++} Integration with \pkg{Rcpp}},
  author = {Dirk Eddelbuettel},
  publisher = {Springer},
  address = {New York},
  year = {2013},
  note = {ISBN 978-1-4614-6867-7},
}

@article{amaratunga2008enriched,
  title={Enriched random forests},
  author={Amaratunga, Dhammika and Cabrera, Javier and Lee, Yung-Seop},
  journal={Bioinformatics},
  volume={24},
  number={18},
  pages={2010--2014},
  year={2008},
  publisher={Oxford Univ Press}
}

@Manual{BH,
  title = {BH: The Boost C++ Libraries},
  author = {John W. Emerson and Michael J. Kane and Dirk Eddelbuettel and JJ Allaire and Romain Francois},
  year = {2013},
  note = {R package version 1.51.0-2},
  url = {http://CRAN.R-project.org/package=BH},
}

@Manual{Rtools,
  title = {Building \proglang{R} for Windows},
  author = {{\proglang{R} Core Team}},
  year = {2013},
  url = {http://cran.r-project.org/bin/windows/Rtools/}
}

@inproceedings{caruana2006empirical,
  title={An empirical comparison of supervised learning algorithms},
  author={Caruana, Rich and Niculescu-Mizil, Alexandru},
  booktitle={Proceedings of the 23rd international conference on Machine learning},
  pages={161--168},
  year={2006},
  organization={ACM}
}

@article{diaz2006gene,
  title={Gene selection and classification of microarray data using random forest},
  author={D{\'\i}az-Uriarte, Ram{\'o}n and De Andres, Sara Alvarez},
  journal={BMC bioinformatics},
  volume={7},
  number={1},
  pages={3},
  year={2006},
  publisher={BioMed Central Ltd}
}

@article{touw2013data,
  title={Data mining in the Life Sciences with Random Forest: a walk in the park or lost in the jungle?},
  author={Touw, Wouter G and Bayjanov, Jumamurat R and Overmars, Lex and Backus, Lennart and Boekhorst, Jos and Wels, Michiel and van Hijum, Sacha AFT},
  journal={Briefings in bioinformatics},
  volume={14},
  number={3},
  pages={315--326},
  year={2013},
  publisher={Oxford Univ Press}
}

@article{rodriguez2012assessment,
  title={An assessment of the effectiveness of a random forest classifier for land-cover classification},
  author={Rodriguez-Galiano, VF and Ghimire, B and Rogan, J and Chica-Olmo, M and Rigol-Sanchez, JP},
  journal={ISPRS Journal of Photogrammetry and Remote Sensing},
  volume={67},
  pages={93--104},
  year={2012},
  publisher={Elsevier}
}

@article{kandaswamy2011afp,
  title={AFP-Pred: A random forest approach for predicting antifreeze proteins from sequence-derived properties},
  author={Kandaswamy, Krishna Kumar and Chou, Kuo-Chen and Martinetz, Thomas and M{\"o}ller, Steffen and Suganthan, PN and Sridharan, S and Pugalenthi, Ganesan},
  journal={Journal of theoretical biology},
  volume={270},
  number={1},
  pages={56--62},
  year={2011},
  publisher={Elsevier}
}

@inproceedings{bosch2007image,
  title={Image classification using random forests and ferns},
  author={Bosch, Anna and Zisserman, Andrew and Muoz, Xavier},
  booktitle={Computer Vision, 2007. ICCV 2007. IEEE 11th International Conference on},
  pages={1--8},
  year={2007},
  organization={IEEE}
}

@article{cutler2007random,
  title={Random forests for classification in ecology},
  author={Cutler, D Richard and Edwards Jr, Thomas C and Beard, Karen H and Cutler, Adele and Hess, Kyle T and Gibson, Jacob and Lawler, Joshua J},
  journal={Ecology},
  volume={88},
  number={11},
  pages={2783--2792},
  year={2007},
  publisher={Eco Soc America}
}

@article{tumer2003input,
  title={Input decimated ensembles},
  author={Tumer, Kagan and Oza, Nikunj C},
  journal={Pattern Analysis \& Applications},
  volume={6},
  number={1},
  pages={65--77},
  year={2003},
  publisher={Springer}
}

@Manual{OpenMP,
  author = {{The OpenMP Architecture Review Board}},
  title = {The OpenMP API specification for parallel programming},
  url = {http://openmp.org/},
  year = {2013},
}

@Manual{Pthreads,
  author = {IEEE and {The Open Group}},
  title = {The Open Group Base Specifications Issue 6, IEEE Std 1003.1, 2004 Edition},
  url = {http://pubs.opengroup.org/onlinepubs/007904975/},
  year = {2004},
}

@Manual{gisette,
  author = {Isabelle Guyon},
  title = {Gisette Data Set Download Link},
  url = {http://archive.ics.uci.edu/ml/machine-learning-databases/gisette/GISETTE/},
  year = {2013},
}

@Manual{mnist,
  author = {Sam Roweis},
  title = {Mnist Data Set Download Link},
  url = {http://www.cs.nyu.edu/~roweis/data/mnist_all.mat},
  year = {2013},
}

@Manual{fbisetc,
  author = {George Karypis},
  title = {5 Text Data Set Download Link},
  url = {http://glaros.dtc.umn.edu/gkhome/fetch/sw/cluto/datasets.tar.gz},
  year = {2013},
}

@Manual{newsgroups,
  author = {Jason Rennie},
  title = {Newsgroups Data Set Download Link},
  url = {http://qwone.com/~jason/20Newsgroups/20news-bydate-matlab.tgz},
  year = {2013},
}

@Manual{tis,
  author = {Jinyan Li},
  title = {Tis Data Set Download Link},
  url = {http://levis.tongji.edu.cn/gzli/data/TIS.zip},
  year = {2013},
}
